@misc{info:paas,
	author={Brandon Butler},
	url={http://www.infoworld.com/article/2613027/paas/paas-primer--what-is-platform-as-a-service-and-why-does-it-matter-.html},
	title={"PaaS Primer: What is platform as a service and why does it matter?"},
	note={[Online; besøkt 22-Februar-2016]}
}

@misc{method:iterative_fig,
	url={https://www.inflectra.com/GraphicsViewer.aspx?url=Methodologies/Waterfall.xml&name=wordml://03000005.png},
	note={[Online; besøkt 14-November-2016]}
}



@misc{tests:django,
	url={https://docs.djangoproject.com/en/1.10/ref/checks/},
	title={"System check framework"},
	note={[Online; besøkt 22-November-2016]}
}


@misc{django:tags,
	url={https://docs.djangoproject.com/en/1.9/topics/templates/#the-django-template-language},
	title={"The Django template language"},
	note={[Online; besøkt 22-November-2016]}
}

@techreport{bachelor,
    author = "Martin Engen",
    title = "Bachelor Rapport Vår 2016",
    institution = "Universitetet I Agder",
    year = "2016",

}


@misc{paas:azure,
	url={https://azure.microsoft.com/nb-no/overview/what-is-paas/},
	title={"What is PaaS?"},
	note={[Online; besøkt 23-November-2016]}
}

@misc{django:what,
	url={https://www.fullstackpython.com/django.html},
	title={"Full Stack Python, Django"},
	note={[Online; besøkt 23-November-2016]}
}


@misc{bootstrap:page,
	url={http://getbootstrap.com/},
	title={"http://getbootstrap.com/"},
	note={[Online; besøkt 23-November-2016]}

}

@misc{iterative:development,
	url={https://www.inflectra.com/Methodologies/Waterfall.aspx},
	note={[Online; besøkt 23-November-2016]}
}


@misc{bootstrap:about,
	url={http://getbootstrap.com/about/},
	title={About. Learn about the project's history, meet the maintaining teams, and find out how to use the Bootstrap brand.+},
	note={[Online; besøkt 28-November-2016]}
}

@misc{bootstrap:components,
	url={http://getbootstrap.com/components/},
	title={Components},
	note={[Online; besøkt 28-November-2016]}

}